<?xml version="1.0" encoding="UTF-8"?><collection xmlns="http://www.loc.gov/MARC21/slim"><record><leader>00334nam--2200133-i-4500</leader><controlfield tag="001">000029875</controlfield><controlfield tag="002">20161230</controlfield><controlfield tag="005">20161230201037</controlfield><controlfield tag="008">060222s1000------------r-----000-0-eng-d</controlfield><datafield ind1=" " ind2=" " tag="080"><subfield code="a">57.085</subfield></datafield><datafield ind1=" " ind2=" " tag="100"><subfield code="a">Lozneanu, Stelian Si Topoloceanu, Florin</subfield></datafield><datafield ind1=" " ind2=" " tag="245"><subfield code="a">Bioelectrometria</subfield></datafield><datafield ind1=" " ind2=" " tag="260"><subfield code="a">Bucuresti, Ed.Tehnica, 1985, 120p</subfield></datafield><datafield ind1=" " ind2=" " tag="852"><subfield code="a">72608</subfield></datafield></record></collection>